<mjloggm ver="2.3">
	
	<GO type="169" lobby="0"/>
	<UN n0="%E6%AE%B5%E5%8E%9F%E7%91%A0%E3%80%85" n1="%E3%81%9F%E3%81%AA%E3%81%8B%E6%95%99%E7%A5%96" n2="%E3%81%99%E3%82%8C%E3%81%84%E3%81%8B" n3="%E3%81%B5%E3%82%8D%E3%82%93" dan="16,17,16,16" rate="2109.46,2189.20,2097.98,2177.45" sx="M,M,F,M"/>
	<TAIKYOKU oya="0"/>
	<INIT seed="0,0,0,4,2,126" ten="250,250,250,250" oya="0" hai0="27,5,12,54,8,108,4,26,102,20,25,80,120" hai1="112,39,57,53,36,58,70,111,24,9,104,40,134" hai2="75,56,49,21,73,93,133,122,81,67,51,44,2" hai3="7,105,1,46,103,43,50,23,62,84,117,76,135"/>
	<T42/>
	<D120/>
	<U55/>
	<E104/>
	<V109/>
	<F122/>
	<W31/>
	<G117/>
	<T116/>
	<D116/>
	<U118/>
	<E118/>
	<V130/>
	<F2/>
	<W91/>
	<G135/>
	<T65/>
	<D108/>
	<U63/>
	<E111/>
	<V66/>
	<F133/>
	<W131/>
	<G76/>
	<T37/>
	<D65/>
	<U125/>
	<E134/>
	<V90/>
	<F109/>
	<W123/>
	<G123/>
	<T38/>
	<D42/>
	<U22/>
	<E125/>
	<V77/>
	<F73/>
	<W86/>
	<G62/>
	<T89/>
	<D102/>
	<U64/>
	<E112/>
	<V106/>
	<F106/>
	<W78/>
	<G1/>
	<T127/>
	<D127/>
	<U13/>
	<E40/>
	<V119/>
	<F119/>
	<W41/>
	<G7/>
	<T99/>
	<D38/>
	<U82/>
	<E82/>
	<V113/>
	<F113/>
	<W79/>
	<G103/>
	<T6/>
	<D37/>
	<U18/>
	<E70/>
	<V88/>
	<F90/>
	<W52/>
	<G131/>
	<T34/>
	<D34/>
	<U101/>
	<E101/>
	<V33/>
	<F33/>
	<W16/>
	<G31/>
	<T11/>
	<D54/>
	<U30/>
	<REACH who="1" step="1"/>
	<E64/>
	<REACH who="1" ten="250,240,250,250" step="2"/>
	<V19/>
	<F67/>
	<W17/>
	<G105/>
	<T35/>
	<D35/>
	<U115/>
	<E115/>
	<V129/>
	<F66/>
	<W100/>
	<G100/>
	<T107/>
	<D107/>
	<U59/>
	<E59/>
	<V83/>
	<F56/>
	<W92/>
	<G43/>
	<T69/>
	<D69/>
	<U98/>
	<E98/>
	<N who="2" m="57639" />
	<F83/>
	<W114/>
	<G114/>
	<T124/>
	<D124/>
	<U121/>
	<E121/>
	<V3/>
	<F44/>
	<W128/>
	<G41/>
	<T110/>
	<D110/>
	<U10/>
	<E10/>
	<V47/>
	<F47/>
	<W95/>
	<G46/>
	<T48/>
	<D80/>
	<U71/>
	<E71/>
	<V60/>
	<F81/>
	<W97/>
	<G97/>
	<T61/>
	<D99/>
	<U29/>
	<E29/>
	<V85/>
	<F75/>
	<RYUUKYOKU ba="0,1" sc="250,-10,240,30,250,-10,250,-10" hai1="9,13,18,22,24,30,36,39,53,55,57,58,63" />
	<INIT seed="1,1,1,4,5,48" ten="240,270,240,240" oya="1" hai0="89,22,16,125,65,46,101,11,129,126,9,10,115" hai1="44,116,93,67,14,94,34,131,135,13,5,21,49" hai2="47,91,97,102,112,80,121,17,71,111,78,55,79" hai3="25,90,128,19,23,42,8,4,36,117,51,123,92"/>
	<U66/>
	<E116/>
	<V29/>
	<F121/>
	<W73/>
	<G128/>
	<T33/>
	<D115/>
	<U84/>
	<E34/>
	<V130/>
	<F71/>
	<W106/>
	<G123/>
	<T3/>
	<D129/>
	<U85/>
	<E131/>
	<V41/>
	<F130/>
	<W24/>
	<G106/>
	<T127/>
	<D33/>
	<U83/>
	<E135/>
	<V69/>
	<F69/>
	<W30/>
	<G73/>
	<T133/>
	<D133/>
	<U60/>
	<E14/>
	<V18/>
	<F112/>
	<W74/>
	<G74/>
	<T122/>
	<D122/>
	<U54/>
	<E85/>
	<V114/>
	<F114/>
	<W1/>
	<G36/>
	<T39/>
	<D101/>
	<U87/>
	<E87/>
	<V95/>
	<F111/>
	<W118/>
	<G42/>
	<N who="0" m="22879" />
	<D89/>
	<U70/>
	<E67/>
	<V108/>
	<F29/>
	<W28/>
	<G51/>
	<T119/>
	<D65/>
	<U38/>
	<E38/>
	<V100/>
	<F108/>
	<W45/>
	<G45/>
	<T27/>
	<D119/>
	<N who="3" m="45577" />
	<G25/>
	<T72/>
	<D72/>
	<U15/>
	<E15/>
	<V107/>
	<F100/>
	<W98/>
	<AGARI ba="1,1" hai="1,4,8,19,23,24,28,30,90,92,98" m="45577" machi="98" ten="30,1100,0" yaku="12,1" doraHai="48" who="3" fromWho="3" sc="240,-4,270,-6,240,-4,240,24" />
	<INIT seed="2,0,0,0,5,101" ten="236,264,236,264" oya="2" hai0="44,18,71,35,96,12,48,80,30,109,87,115,25" hai1="70,107,26,55,118,76,15,1,37,28,103,38,130" hai2="114,134,64,73,135,34,85,127,125,94,46,4,113" hai3="11,33,22,21,65,36,53,131,67,13,121,122,19"/>
	<V126/>
	<F34/>
	<W79/>
	<G36/>
	<T60/>
	<D109/>
	<U119/>
	<E1/>
	<V62/>
	<F73/>
	<W8/>
	<G33/>
	<T95/>
	<D115/>
	<N who="2" m="44042" />
	<F4/>
	<W116/>
	<G116/>
	<T29/>
	<D29/>
	<U72/>
	<E15/>
	<V100/>
	<F85/>
	<W14/>
	<G79/>
	<T123/>
	<D123/>
	<U82/>
	<E130/>
	<V41/>
	<F94/>
	<W20/>
	<G53/>
	<T16/>
	<D60/>
	<U132/>
	<E132/>
	<N who="2" m="50731" />
	<F100/>
	<W90/>
	<G90/>
	<T128/>
	<D71/>
	<U66/>
	<E55/>
	<V129/>
	<F62/>
	<W97/>
	<G97/>
	<T124/>
	<D128/>
	<U54/>
	<E54/>
	<V31/>
	<F31/>
	<W59/>
	<G131/>
	<T84/>
	<D84/>
	<U47/>
	<E118/>
	<V99/>
	<F99/>
	<W51/>
	<G121/>
	<T106/>
	<D95/>
	<U45/>
	<E119/>
	<V23/>
	<F23/>
	<W74/>
	<G74/>
	<T56/>
	<D12/>
	<U42/>
	<E103/>
	<V32/>
	<F32/>
	<W111/>
	<G122/>
	<T57/>
	<D96/>
	<U117/>
	<E117/>
	<V50/>
	<F129/>
	<W89/>
	<G14/>
	<T133/>
	<D18/>
	<U63/>
	<E26/>
	<V10/>
	<F10/>
	<W61/>
	<G11/>
	<T78/>
	<D133/>
	<U77/>
	<E28/>
	<V49/>
	<F64/>
	<W110/>
	<G67/>
	<T17/>
	<D106/>
	<U52/>
	<E77/>
	<V0/>
	<F0/>
	<W27/>
	<G89/>
	<T112/>
	<D112/>
	<U88/>
	<E88/>
	<V2/>
	<F2/>
	<W86/>
	<G86/>
	<T75/>
	<D87/>
	<U40/>
	<E107/>
	<V9/>
	<F9/>
	<W108/>
	<G27/>
	<T98/>
	<D98/>
	<U83/>
	<E83/>
	<V81/>
	<F81/>
	<W102/>
	<G102/>
	<T93/>
	<D75/>
	<U92/>
	<E92/>
	<V105/>
	<F105/>
	<RYUUKYOKU ba="0,0" sc="236,-30,264,10,236,10,264,10" hai1="37,38,40,42,45,47,52,63,66,70,72,76,82" hai2="41,46,49,50,125,126,127" hai3="8,13,19,20,21,22,51,59,61,65,108,110,111" />
	<INIT seed="2,1,0,4,4,55" ten="206,274,246,274" oya="2" hai0="114,72,115,45,22,36,97,9,64,99,110,75,120" hai1="17,85,58,133,108,56,93,100,63,117,73,1,66" hai2="109,95,118,4,82,87,50,98,27,13,111,131,129" hai3="112,80,134,127,52,69,119,106,126,15,8,28,128"/>
	<V41/>
	<F118/>
	<W68/>
	<G119/>
	<T10/>
	<D120/>
	<U43/>
	<E117/>
	<V107/>
	<F107/>
	<W122/>
	<G122/>
	<T54/>
	<D64/>
	<U20/>
	<E73/>
	<V113/>
	<F27/>
	<W24/>
	<G106/>
	<T0/>
	<D22/>
	<U51/>
	<E1/>
	<V61/>
	<F113/>
	<W89/>
	<G112/>
	<T132/>
	<D54/>
	<N who="1" m="31839" />
	<E108/>
	<N who="2" m="41547" />
	<F61/>
	<W83/>
	<G128/>
	<N who="2" m="49225" />
	<F50/>
	<W103/>
	<G24/>
	<T125/>
	<D110/>
	<U34/>
	<E34/>
	<V25/>
	<F25/>
	<W65/>
	<G28/>
	<T104/>
	<D104/>
	<U33/>
	<E33/>
	<V31/>
	<F31/>
	<W5/>
	<G126/>
	<T46/>
	<D125/>
	<U124/>
	<E124/>
	<V101/>
	<F41/>
	<W37/>
	<G127/>
	<T42/>
	<D42/>
	<U105/>
	<E133/>
	<V88/>
	<F13/>
	<W96/>
	<G134/>
	<T23/>
	<D132/>
	<U7/>
	<E43/>
	<V84/>
	<F84/>
	<W77/>
	<G15/>
	<T62/>
	<D62/>
	<U67/>
	<E105/>
	<N who="2" m="63671" />
	<F4/>
	<W30/>
	<G5/>
	<T11/>
	<D75/>
	<U76/>
	<E7/>
	<V102/>
	<F102/>
	<W6/>
	<G103/>
	<T39/>
	<D72/>
	<U94/>
	<E100/>
	<V57/>
	<F57/>
	<W29/>
	<G29/>
	<T116/>
	<D116/>
	<U86/>
	<E67/>
	<V19/>
	<F19/>
	<W48/>
	<G30/>
	<T18/>
	<D18/>
	<U32/>
	<E32/>
	<V90/>
	<F90/>
	<W16/>
	<G89/>
	<T81/>
	<D114/>
	<U49/>
	<E49/>
	<V92/>
	<AGARI ba="1,0" hai="82,87,88,92,95" m="63671,49225,41547" machi="92" ten="40,18000,2" yaku="14,1,10,1,19,1,34,2,54,1" doraHai="55" who="2" fromWho="2" sc="206,-61,274,-61,246,183,274,-61" />
	<INIT seed="2,2,0,5,0,56" ten="145,213,429,213" oya="2" hai0="39,27,97,40,15,105,127,54,50,75,37,61,103" hai1="129,110,30,82,114,43,28,69,126,2,3,12,116" hai2="107,57,34,4,121,89,132,125,135,80,70,48,10" hai3="11,41,25,8,32,83,79,0,123,19,59,9,60"/>
	<V104/>
	<F34/>
	<W36/>
	<G123/>
	<T22/>
	<D127/>
	<U49/>
	<E114/>
	<V113/>
	<F70/>
	<W20/>
	<G36/>
	<T81/>
	<D40/>
	<U119/>
	<E69/>
	<V62/>
	<F121/>
	<W133/>
	<G133/>
	<N who="2" m="51273" />
	<F48/>
	<W130/>
	<G130/>
	<T31/>
	<D15/>
	<U78/>
	<E129/>
	<V23/>
	<F23/>
	<W99/>
	<G41/>
	<T6/>
	<D6/>
	<U84/>
	<E126/>
	<V68/>
	<F68/>
	<W101/>
	<G32/>
	<T63/>
	<D39/>
	<U14/>
	<E110/>
	<V90/>
	<F113/>
	<W67/>
	<G0/>
	<T128/>
	<D37/>
	<U33/>
	<E3/>
	<V131/>
	<F131/>
	<W17/>
	<G17/>
	<T106/>
	<D106/>
	<N who="2" m="40490" />
	<F80/>
	<W7/>
	<G7/>
	<T44/>
	<REACH who="0" step="1"/>
	<D128/>
	<REACH who="0" ten="135,213,429,213" step="2"/>
	<U58/>
	<E2/>
	<N who="2" m="279" />
	<F125/>
	<W71/>
	<G11/>
	<T112/>
	<D112/>
	<U64/>
	<E43/>
	<V26/>
	<F26/>
	<W77/>
	<G9/>
	<T1/>
	<D1/>
	<U100/>
	<E14/>
	<V96/>
	<F96/>
	<W51/>
	<G8/>
	<T124/>
	<D124/>
	<U91/>
	<E12/>
	<V52/>
	<AGARI ba="2,1" hai="52,57,62,89,90" m="279,40490,51273" machi="52" ten="30,6000,0" yaku="20,1,52,1,54,1" doraHai="56" who="2" fromWho="2" sc="135,-22,213,-22,429,76,213,-22" />
	<INIT seed="2,3,0,5,5,36" ten="113,191,505,191" oya="2" hai0="35,83,110,54,30,37,101,95,70,68,50,60,79" hai1="47,43,72,23,94,3,38,67,29,100,127,114,7" hai2="61,90,2,19,13,78,10,120,88,39,81,51,118" hai3="75,132,99,93,6,105,20,76,64,97,86,14,82"/>
	<V87/>
	<F39/>
	<W109/>
	<G64/>
	<T45/>
	<D110/>
	<U126/>
	<E114/>
	<V44/>
	<F118/>
	<W56/>
	<G109/>
	<T134/>
	<D134/>
	<U58/>
	<E72/>
	<V24/>
	<F120/>
	<W115/>
	<G132/>
	<T31/>
	<D37/>
	<U80/>
	<E80/>
	<V21/>
	<F61/>
	<W113/>
	<G56/>
	<T133/>
	<D133/>
	<U17/>
	<E29/>
	<V130/>
	<F2/>
	<W0/>
	<G0/>
	<T91/>
	<D101/>
	<U53/>
	<E67/>
	<V106/>
	<F106/>
	<W108/>
	<G108/>
	<T131/>
	<D131/>
	<U73/>
	<E73/>
	<V128/>
	<F128/>
	<W77/>
	<G77/>
	<T66/>
	<D70/>
	<U107/>
	<E107/>
	<V85/>
	<F85/>
	<W5/>
	<G99/>
	<T89/>
	<D35/>
	<U27/>
	<E7/>
	<N who="2" m="3295" />
	<F130/>
	<W48/>
	<G48/>
	<T63/>
	<D63/>
	<U102/>
	<E3/>
	<V117/>
	<F117/>
	<W57/>
	<G105/>
	<T32/>
	<D32/>
	<U4/>
	<E4/>
	<V121/>
	<F121/>
	<W9/>
	<G75/>
	<T46/>
	<D46/>
	<U96/>
	<REACH who="1" step="1"/>
	<E102/>
	<REACH who="1" ten="113,181,505,191" step="2"/>
	<V123/>
	<F123/>
	<W12/>
	<G113/>
	<T103/>
	<D103/>
	<U41/>
	<E41/>
	<AGARI ba="3,1" hai="19,21,24,41,44,51,78,81,87,88,90" m="3295" machi="41" ten="30,11600,0" yaku="25,1,8,1,52,1,54,1" doraHai="36" who="2" fromWho="1" sc="113,0,181,-125,505,135,191,0" />
	<INIT seed="2,4,0,2,3,68" ten="113,56,640,191" oya="2" hai0="133,86,60,91,123,116,31,102,22,45,37,14,118" hai1="33,132,94,130,52,27,9,92,32,100,2,24,48" hai2="56,20,75,66,61,85,79,113,82,127,25,50,19" hai3="126,88,73,17,65,89,87,115,62,84,8,74,12"/>
	<V117/>
	<F113/>
	<W51/>
	<G126/>
	<T64/>
	<D123/>
	<U104/>
	<E104/>
	<V16/>
	<F117/>
	<N who="0" m="45162" />
	<D133/>
	<U35/>
	<E132/>
	<V43/>
	<F127/>
	<W40/>
	<G115/>
	<T7/>
	<D102/>
	<U72/>
	<E72/>
	<V5/>
	<F5/>
	<W69/>
	<G51/>
	<T80/>
	<D31/>
	<U78/>
	<E130/>
	<V23/>
	<F50/>
	<W95/>
	<REACH who="3" step="1"/>
	<G40/>
	<REACH who="3" ten="113,56,640,181" step="2"/>
	<N who="0" m="22671" />
	<D60/>
	<U55/>
	<E48/>
	<V10/>
	<F43/>
	<W53/>
	<G53/>
	<T41/>
	<D41/>
	<U135/>
	<E135/>
	<V107/>
	<F107/>
	<W67/>
	<G67/>
	<T38/>
	<D64/>
	<U46/>
	<E55/>
	<V47/>
	<F47/>
	<W58/>
	<G58/>
	<T3/>
	<D3/>
	<U112/>
	<E46/>
	<V93/>
	<F10/>
	<W122/>
	<G122/>
	<T54/>
	<D54/>
	<U4/>
	<E52/>
	<V129/>
	<F129/>
	<W81/>
	<AGARI ba="4,1" hai="8,12,17,62,65,69,73,74,81,84,87,88,89,95" machi="81" ten="20,5200,0" yaku="1,1,0,1,7,1,54,1,53,0" doraHai="68" doraHaiUra="109" who="3" fromWho="3" sc="113,-17,56,-17,640,-30,181,74" />
	<INIT seed="3,0,0,2,1,91" ten="96,39,610,255" oya="3" hai0="129,25,102,77,9,58,121,109,10,84,112,36,20" hai1="50,62,64,42,2,97,51,54,15,44,38,125,130" hai2="92,47,30,60,135,73,119,86,79,35,70,7,108" hai3="31,18,104,116,67,123,105,55,118,103,78,40,24"/>
	<W75/>
	<G123/>
	<T53/>
	<D121/>
	<U128/>
	<E2/>
	<V107/>
	<F107/>
	<W101/>
	<G40/>
	<T90/>
	<D109/>
	<U21/>
	<E21/>
	<V94/>
	<F108/>
	<W71/>
	<G18/>
	<T6/>
	<D36/>
	<U17/>
	<E17/>
	<V37/>
	<F7/>
	<W19/>
	<G19/>
	<T13/>
	<D129/>
	<N who="1" m="49771" />
	<E15/>
	<V88/>
	<F135/>
	<W113/>
	<G55/>
	<T14/>
	<D112/>
	<U69/>
	<E97/>
	<V0/>
	<F0/>
	<W16/>
	<G16/>
	<N who="0" m="12423" />
	<D102/>
	<U66/>
	<E125/>
	<V4/>
	<F4/>
	<W134/>
	<G134/>
	<T33/>
	<D33/>
	<U80/>
	<E80/>
	<V106/>
	<F106/>
	<W99/>
	<G113/>
	<T5/>
	<D77/>
	<U48/>
	<E66/>
	<V133/>
	<F133/>
	<W96/>
	<G75/>
	<T127/>
	<D127/>
	<U23/>
	<E23/>
	<V95/>
	<F119/>
	<W81/>
	<G81/>
	<T43/>
	<D43/>
	<U8/>
	<E8/>
	<V46/>
	<F37/>
	<W82/>
	<G82/>
	<T45/>
	<D84/>
	<U57/>
	<AGARI ba="0,0" hai="38,42,44,48,50,51,54,57,62,64,69" m="49771" machi="57" ten="30,7900,0" yaku="24,1,19,1,34,2" doraHai="91" who="1" fromWho="1" sc="96,-20,39,79,610,-20,255,-39" />
	<INIT seed="4,0,0,3,5,131" ten="76,118,590,216" oya="0" hai0="127,9,126,58,74,78,84,135,8,61,124,23,97" hai1="92,15,68,70,62,104,100,94,81,41,48,119,28" hai2="21,51,116,72,123,63,13,0,82,4,57,14,128" hai3="38,67,24,12,49,47,105,93,110,120,75,108,89"/>
	<T3/>
	<D74/>
	<U33/>
	<E119/>
	<V22/>
	<F116/>
	<W55/>
	<G105/>
	<T91/>
	<D3/>
	<U122/>
	<E122/>
	<V11/>
	<F123/>
	<W85/>
	<G120/>
	<T32/>
	<D32/>
	<U19/>
	<E81/>
	<V117/>
	<F117/>
	<W29/>
	<G75/>
	<T113/>
	<D113/>
	<U30/>
	<E41/>
	<V96/>
	<F128/>
	<W83/>
	<G67/>
	<T25/>
	<D78/>
	<U56/>
	<E48/>
	<V2/>
	<F51/>
	<W99/>
	<G12/>
	<T80/>
	<D97/>
	<U37/>
	<E37/>
	<V115/>
	<F115/>
	<W31/>
	<G31/>
	<T34/>
	<D34/>
	<U5/>
	<E5/>
	<V45/>
	<F45/>
	<W132/>
	<G132/>
	<T76/>
	<D76/>
	<U53/>
	<E104/>
	<V18/>
	<F96/>
	<W7/>
	<G7/>
	<T79/>
	<D79/>
	<U64/>
	<E100/>
	<V43/>
	<F43/>
	<W54/>
	<G54/>
	<T26/>
	<D135/>
	<U77/>
	<E77/>
	<V42/>
	<F42/>
	<W98/>
	<G98/>
	<T16/>
	<REACH who="0" step="1"/>
	<D26/>
	<REACH who="0" ten="66,118,590,216" step="2"/>
	<U1/>
	<E1/>
	<V65/>
	<F72/>
	<W102/>
	<G38/>
	<T17/>
	<D17/>
	<U86/>
	<E33/>
	<AGARI ba="0,1" hai="24,29,33,47,49,55,83,85,89,93,99,102,108,110" machi="33" ten="30,1000,0" yaku="7,1" doraHai="131" who="3" fromWho="1" sc="66,0,118,-10,590,0,216,20" />
	<INIT seed="5,0,0,5,5,39" ten="66,108,590,236" oya="1" hai0="91,36,69,10,51,6,112,53,110,2,8,107,135" hai1="78,93,105,119,96,118,102,45,24,103,22,97,34" hai2="20,30,31,56,126,26,59,89,86,66,43,49,90" hai3="84,47,38,111,40,71,77,94,116,114,1,37,131"/>
	<U134/>
	<E34/>
	<V81/>
	<F126/>
	<W17/>
	<G111/>
	<T52/>
	<D110/>
	<U104/>
	<E134/>
	<V18/>
	<F89/>
	<W108/>
	<G108/>
	<T46/>
	<D135/>
	<U124/>
	<E124/>
	<V117/>
	<F117/>
	<W73/>
	<G71/>
	<T12/>
	<D112/>
	<U68/>
	<E68/>
	<V74/>
	<F74/>
	<W13/>
	<G131/>
	<T23/>
	<D107/>
	<U0/>
	<E0/>
	<V100/>
	<F100/>
	<W14/>
	<G1/>
	<T98/>
	<D69/>
	<U33/>
	<E33/>
	<V92/>
	<F81/>
	<W125/>
	<G125/>
	<T82/>
	<D36/>
	<U132/>
	<E132/>
	<V72/>
	<F72/>
	<W79/>
	<G114/>
	<T54/>
	<D23/>
	<U48/>
	<E93/>
	<V67/>
	<F56/>
	<W70/>
	<G73/>
	<T61/>
	<D61/>
	<U88/>
	<E88/>
	<V120/>
	<F120/>
	<W123/>
	<G123/>
	<T4/>
	<REACH who="0" step="1"/>
	<D98/>
	<REACH who="0" ten="56,108,590,236" step="2"/>
	<U50/>
	<E50/>
	<V9/>
	<F49/>
	<W42/>
	<G70/>
	<T127/>
	<D127/>
	<U15/>
	<E118/>
	<V115/>
	<F20/>
	<W11/>
	<G116/>
	<T16/>
	<D16/>
	<U99/>
	<E119/>
	<V44/>
	<F18/>
	<W87/>
	<G17/>
	<T75/>
	<D75/>
	<U55/>
	<E99/>
	<V32/>
	<F32/>
	<W83/>
	<G38/>
	<T101/>
	<D101/>
	<U63/>
	<E63/>
	<V85/>
	<F115/>
	<W128/>
	<G37/>
	<T27/>
	<D27/>
	<U29/>
	<E24/>
	<V58/>
	<F26/>
	<W122/>
	<G122/>
	<T25/>
	<D25/>
	<U113/>
	<E113/>
	<V65/>
	<F85/>
	<AGARI ba="0,1" hai="2,4,6,8,10,12,46,51,52,53,54,82,85,91" machi="85" ten="40,2600,0" yaku="1,1,54,1,53,0" doraHai="39" doraHaiUra="57" who="0" fromWho="2" sc="56,36,108,0,590,-26,236,0" />
	<INIT seed="6,0,0,4,0,91" ten="92,108,564,236" oya="2" hai0="54,1,35,25,109,53,94,43,117,0,3,81,90" hai1="96,51,86,16,39,119,82,89,28,55,27,29,44" hai2="125,124,131,22,67,2,77,102,7,10,71,33,88" hai3="24,36,133,69,19,57,5,134,75,38,11,56,65"/>
	<V73/>
	<F33/>
	<W40/>
	<G75/>
	<T26/>
	<D109/>
	<U123/>
	<E119/>
	<V64/>
	<F131/>
	<W66/>
	<G69/>
	<T63/>
	<D117/>
	<U93/>
	<E123/>
	<V98/>
	<F22/>
	<N who="3" m="13407" />
	<G57/>
	<T132/>
	<D132/>
	<N who="3" m="50793" />
	<G56/>
	<T76/>
	<D43/>
	<U111/>
	<E111/>
	<V6/>
	<F6/>
	<W99/>
	<G99/>
	<T115/>
	<D115/>
	<U121/>
	<E39/>
	<N who="3" m="14890" />
	<G40/>
	<T128/>
	<D128/>
	<U12/>
	<E27/>
	<V108/>
	<F108/>
	<W13/>
	<AGARI ba="0,0" hai="5,11,13,65,66" m="14890,50793,13407" machi="13" ten="30,1100,0" yaku="20,1" doraHai="91" who="3" fromWho="3" sc="92,-3,108,-3,564,-5,236,11" />
	<INIT seed="7,0,0,2,2,38" ten="89,105,559,247" oya="3" hai0="12,112,57,132,92,114,19,104,93,32,84,29,81" hai1="25,124,58,9,26,46,72,121,71,95,66,35,117" hai2="13,99,47,133,4,0,52,94,60,10,68,118,87" hai3="125,129,3,73,115,106,116,42,16,45,41,69,36"/>
	<W107/>
	<G16/>
	<T31/>
	<D132/>
	<U53/>
	<E121/>
	<V78/>
	<F118/>
	<W111/>
	<G45/>
	<T91/>
	<D104/>
	<U15/>
	<E72/>
	<V44/>
	<F0/>
	<W101/>
	<G101/>
	<T110/>
	<D110/>
	<U134/>
	<E134/>
	<V119/>
	<F119/>
	<W135/>
	<G42/>
	<T70/>
	<D70/>
	<U100/>
	<E117/>
	<V17/>
	<F68/>
	<W126/>
	<G41/>
	<T55/>
	<D92/>
	<U39/>
	<E124/>
	<V43/>
	<F4/>
	<W120/>
	<G107/>
	<T7/>
	<D7/>
	<N who="1" m="3519" />
	<E35/>
	<AGARI ba="0,0" hai="3,35,36,69,73,106,111,115,116,120,125,126,129,135" machi="35" ten="0,48000,5" yakuman="47" doraHai="38" who="3" fromWho="1" sc="89,0,105,-480,559,0,247,480" owari="89,-31.1,-375,-87.5,559,35.9,727,82.7" />
</mjloggm>